%!TEX root = main.tex

@article{ho2015manifold,
  title={Manifold learning for multivariate variable-length sequences with an application to similarity search},
  author={Ho, Shen-Shyang and Dai, Peng and Rudzicz, Frank},
  journal={IEEE transactions on neural networks and learning systems},
  volume={27},
  number={6},
  pages={1333--1344},
  year={2015},
  publisher={IEEE}
}

@article{landsea2015revised,
  title={The revised Atlantic hurricane database (HURDAT2)},
  author={Landsea, Christopher and Franklin, James and Beven, Jack},
  journal={NOAA/NHC.[Available online at nhc. noaa. gov]},
  year={2015}
}